% Chapter0

@misc{mmpose2020,
    title={OpenMMLab Pose Estimation Toolbox and Benchmark},
    author={MMPose Contributors},
    howpublished = {\url{https://github.com/open-mmlab/mmpose}},
    year={2020}
}

@InProceedings{Zhang_2017_CVPR,
    author = {Zhang, Chao and Pujades, Sergi and Black, Michael J. and Pons-Moll, Gerard},
    title = {Detailed, Accurate, Human Shape Estimation From Clothed 3D Scan Sequences},
    booktitle = {The IEEE Conference on Computer Vision and Pattern Recognition (CVPR)},
    month = {July},
    year = {2017}
}

@InProceedings{varol17_surreal,  
  title     = {Learning from Synthetic Humans},  
  author    = {Varol, G{\"u}l and Romero, Javier and Martin, Xavier and Mahmood, Naureen and Black, Michael J. and Laptev, Ivan and Schmid, Cordelia},  
  booktitle = {CVPR},  
  year      = {2017}  
}

@article{WANG2021103225,
title = {Deep 3D human pose estimation: A review},
journal = {Computer Vision and Image Understanding},
volume = {210},
pages = {103225},
year = {2021},
issn = {1077-3142},
doi = {https://doi.org/10.1016/j.cviu.2021.103225},
url = {https://www.sciencedirect.com/science/article/pii/S1077314221000692},
author = {Jinbao Wang and Shujie Tan and Xiantong Zhen and Shuo Xu and Feng Zheng and Zhenyu He and Ling Shao},
keywords = {3D Human Pose Estimation, Deep Learning},
}

@INPROCEEDINGS{8100086,
  author={Tome, Denis and Russell, Chris and Agapito, Lourdes},
  booktitle={2017 IEEE Conference on Computer Vision and Pattern Recognition (CVPR)}, 
  title={Lifting from the Deep: Convolutional 3D Pose Estimation from a Single Image}, 
  year={2017},
  volume={},
  number={},
  pages={5689-5698},
  doi={10.1109/CVPR.2017.603}
}

@article{WHITTLE1996369,
title = {Clinical gait analysis: A review},
journal = {Human Movement Science},
volume = {15},
number = {3},
pages = {369-387},
year = {1996},
issn = {0167-9457},
doi = {https://doi.org/10.1016/0167-9457(96)00006-1},
url = {https://www.sciencedirect.com/science/article/pii/0167945796000061},
author = {Michael W. Whittle},
keywords = {Gait analysis, Cerebral palsy, Locomotion, Walking, Gait},
}

@misc{counter,
	author = {google.github.io},
	title = {Pose Classification},
	howpublished = {\url{https://google.github.io/mediapipe/solutions/pose_classification.html}}
}

@article{8765346,
  author = {Z. {Cao} and G. {Hidalgo Martinez} and T. {Simon} and S. {Wei} and Y. A. {Sheikh}},
  journal = {IEEE Transactions on Pattern Analysis and Machine Intelligence},
  title = {OpenPose: Realtime Multi-Person 2D Pose Estimation using Part Affinity Fields},
  year = {2019}
}

@misc{https://doi.org/10.48550/arxiv.1807.04067,
  doi = {10.48550/ARXIV.1807.04067},
  url = {https://arxiv.org/abs/1807.04067},
  author = {Kocabas, Muhammed and Karagoz, Salih and Akbas, Emre},
  keywords = {Computer Vision and Pattern Recognition (cs.CV), FOS: Computer and information sciences, FOS: Computer and information sciences},
  title = {MultiPoseNet: Fast Multi-Person Pose Estimation using Pose Residual Network},
  publisher = {arXiv},
  year = {2018},
  copyright = {arXiv.org perpetual, non-exclusive license}
}

@inproceedings{AlphaPose,
  title={{RMPE}: Regional Multi-person Pose Estimation},
  author={Fang, Hao-Shu and Xie, Shuqin and Tai, Yu-Wing and Lu, Cewu},
  booktitle={ICCV},
  year={2017}
}

@article{h36m_pami,
author = {Ionescu, Catalin and Papava, Dragos and Olaru, Vlad and Sminchisescu,  Cristian},
title = {Human3.6M: Large Scale Datasets and Predictive Methods for 3D Human Sensing in Natural Environments},
journal = {IEEE Transactions on Pattern Analysis and Machine Intelligence},
publisher = {IEEE Computer Society},
volume = {36},
number = {7},
pages = {1325-1339},
month = {jul},
year = {2014}
}

@Article{s20174944,
AUTHOR = {Jaouedi, Neziha and Perales, Francisco J. and Buades, José Maria and Boujnah, Noureddine and Bouhlel, Med Salim},
TITLE = {Prediction of Human Activities Based on a New Structure of Skeleton Features and Deep Learning Model},
JOURNAL = {Sensors},
VOLUME = {20},
YEAR = {2020},
NUMBER = {17},
ARTICLE-NUMBER = {4944},
URL = {https://www.mdpi.com/1424-8220/20/17/4944},
ISSN = {1424-8220},
DOI = {10.3390/s20174944}
}


% Chapter1

@inproceedings{li2020pastanet,
  title={PaStaNet: Toward Human Activity Knowledge Engine},
  author={Li, Yong-Lu and Xu, Liang and Liu, Xinpeng and Huang, Xijie and Xu, Yue and Wang, Shiyi and Fang, Hao-Shu and Ma, Ze and Chen, Mingyang and Lu, Cewu},
  booktitle={CVPR},
  year={2020}
}

@misc{COCO_topology,
	author = {Tsung-Yi Lin, Matteo Ruggero Ronchi, Alexander Kirillov and Yin Cui},
	title = {COCO 2020 Keypoint Detection Task},
	howpublished = {\url{https://cocodataset.org/#keypoints-2020}}
}

@misc{COCO_dataset,
  doi = {10.48550/ARXIV.1405.0312},
  url = {https://arxiv.org/abs/1405.0312},
  author = {Lin, Tsung-Yi and Maire, Michael and Belongie, Serge and Bourdev, Lubomir and Girshick, Ross and Hays, James and Perona, Pietro and Ramanan, Deva and Zitnick, C. Lawrence and Dollár, Piotr},
  keywords = {Computer Vision and Pattern Recognition (cs.CV), FOS: Computer and information sciences, FOS: Computer and information sciences},
  title = {Microsoft COCO: Common Objects in Context},
  publisher = {arXiv},
  year = {2014},
  copyright = {arXiv.org perpetual, non-exclusive license}
}

@misc{BlazePose,
  doi = {10.48550/ARXIV.2006.10204},
  url = {https://arxiv.org/abs/2006.10204},
  author = {Bazarevsky, Valentin and Grishchenko, Ivan and Raveendran, Karthik and Zhu, Tyler and Zhang, Fan and Grundmann, Matthias},
  keywords = {Computer Vision and Pattern Recognition (cs.CV), FOS: Computer and information sciences, FOS: Computer and information sciences},
  title = {BlazePose: On-device Real-time Body Pose tracking},
  publisher = {arXiv},
  year = {2020},
  copyright = {arXiv.org perpetual, non-exclusive license}
}

@misc{BlazeFace,
  doi = {10.48550/ARXIV.1907.05047},
  url = {https://arxiv.org/abs/1907.05047},
  author = {Bazarevsky, Valentin and Kartynnik, Yury and Vakunov, Andrey and Raveendran, Karthik and Grundmann, Matthias},
  keywords = {Computer Vision and Pattern Recognition (cs.CV), FOS: Computer and information sciences, FOS: Computer and information sciences},
  title = {BlazeFace: Sub-millisecond Neural Face Detection on Mobile GPUs},
  publisher = {arXiv},
  year = {2019},
  copyright = {arXiv.org perpetual, non-exclusive license}
}

@misc{Hands,
  doi = {10.48550/ARXIV.2006.10214},
  url = {https://arxiv.org/abs/2006.10214},
  author = {Zhang, Fan and Bazarevsky, Valentin and Vakunov, Andrey and Tkachenka, Andrei and Sung, George and Chang, Chuo-Ling and Grundmann, Matthias},
  keywords = {Computer Vision and Pattern Recognition (cs.CV), FOS: Computer and information sciences, FOS: Computer and information sciences},
  title = {MediaPipe Hands: On-device Real-time Hand Tracking},
  publisher = {arXiv},
  year = {2020},
  copyright = {arXiv.org perpetual, non-exclusive license}
}

@misc{Holistic,
	author = {Ivan Grishchenko, Valentin Bazarevsky},
	title = {MediaPipe Holistic — Simultaneous Face, Hand and Pose Prediction, on Device},
	howpublished = {\url{https://ai.googleblog.com/2020/12/mediapipe-holistic-simultaneous-face.html}}
}





% Chapter 2


@misc{mobilenetv2,
      title={MobileNetV2: Inverted Residuals and Linear Bottlenecks}, 
      author={Mark Sandler and Andrew Howard and Menglong Zhu and Andrey Zhmoginov and Liang-Chieh Chen},
      year={2019},
      eprint={1801.04381},
      archivePrefix={arXiv},
      primaryClass={cs.CV}
}



% Chapter 3

  
% Chapter 4

@inproceedings{MPII_dataset,
	author = {Mykhaylo Andriluka and Leonid Pishchulin and Peter Gehler and Schiele, Bernt},
	title = {2D Human Pose Estimation: New Benchmark and State of the Art Analysis},
	booktitle = {IEEE Conference on Computer Vision and Pattern Recognition (CVPR)},
	year = {2014},
	month = {June}
}

@inproceedings{LSP,
   title = {Clustered Pose and Nonlinear Appearance Models for Human Pose Estimation},
   author = {Johnson, Sam and Everingham, Mark},
   year = {2010},
   booktitle = {Proceedings of the British Machine Vision Conference},
   note = {doi:10.5244/C.24.12}
}

  

@article{OpenPose,
  author = {Z. Cao and G. Hidalgo Martinez and T. Simon and S. Wei and Y. A. Sheikh},
  journal = {IEEE Transactions on Pattern Analysis and Machine Intelligence},
  title = {OpenPose: Realtime Multi-Person 2D Pose Estimation using Part Affinity Fields},
  year = {2019}
}

@inproceedings{simon2017hand,
  author = {Tomas Simon and Hanbyul Joo and Iain Matthews and Yaser Sheikh},
  booktitle = {CVPR},
  title = {Hand Keypoint Detection in Single Images using Multiview Bootstrapping},
  year = {2017}
}

@inproceedings{wei2016cpm,
  author = {Shih-En Wei and Varun Ramakrishna and Takeo Kanade and Yaser Sheikh},
  booktitle = {CVPR},
  title = {Convolutional pose machines},
  year = {2016}
}


% Magistry

@ARTICLE{OpenPifPaf2021,
  author={Kreiss, Sven and Bertoni, Lorenzo and Alahi, Alexandre},
  journal={IEEE Transactions on Intelligent Transportation Systems}, 
  title={OpenPifPaf: Composite Fields for Semantic Keypoint Detection and Spatio-Temporal Association}, 
  year={2022},
  volume={23},
  number={8},
  pages={13498-13511},
  keywords={Pose estimation;Automobiles;Animals;Semantics;Autonomous automobiles;Task analysis;Three-dimensional displays;Composite fields;pose estimation;pose tracking},
  doi={10.1109/TITS.2021.3124981}
}

@INPROCEEDINGS{PDJR,
  author={Dantone, Matthias and Gall, Juergen and Leistner, Christian and Van Gool, Luc},
  booktitle={2013 IEEE Conference on Computer Vision and Pattern Recognition}, 
  title={Human Pose Estimation Using Body Parts Dependent Joint Regressors}, 
  year={2013},
  volume={},
  number={},
  pages={3041-3048},
  keywords={Joints;Vegetation;Estimation;Training;Predictive models;Accuracy;Head;human pose estimation;random forest;joint regressor},
  doi={10.1109/CVPR.2013.391}
}


@INPROCEEDINGS{DeepPose,
  author={Toshev, Alexander and Szegedy, Christian},
  booktitle={2014 IEEE Conference on Computer Vision and Pattern Recognition}, 
  title={DeepPose: Human Pose Estimation via Deep Neural Networks}, 
  year={2014},
  volume={},
  number={},
  pages={1653-1660},
  keywords={Joints;Estimation;Training;Vectors;Measurement;Detectors;Computational modeling;deep learning;neural networks;human pose estimation;cascades},
  doi={10.1109/CVPR.2014.214}
}

@Article{electronics9030427,
AUTHOR = {Alzubaidi, Laith and Fadhel, Mohammed A. and Al-Shamma, Omran and Zhang, Jinglan and Duan, Ye},
TITLE = {Deep Learning Models for Classification of Red Blood Cells in Microscopy Images to Aid in Sickle Cell Anemia Diagnosis},
JOURNAL = {Electronics},
VOLUME = {9},
YEAR = {2020},
NUMBER = {3},
ARTICLE-NUMBER = {427},
URL = {https://www.mdpi.com/2079-9292/9/3/427},
ISSN = {2079-9292},
DOI = {10.3390/electronics9030427}
}

@misc{fifaOffside,
	author = {FIFA},
	title = {Semi-automated offside technology to be used at FIFA World Cup 2022},
	year = {2022},
	howpublished = {\url{https://www.fifa.com/fifaplus/en/articles/semi-automated-offside-technology-to-be-used-at-fifa-world-cup-2022-tm}}
}

@misc{tennisTrener,
	author = {James Thorpe},
	title = {Pose estimation: utilising AI to improve tennis technique},
	year = {2023},
	howpublished = {\url{https://sportretina.com/blog/pose-estimation-utilising-ai-to-improve-tennis-technique/}}
}

@INPROCEEDINGS{IEEETennis,
  author={Kurose, Ryunosuke and Hayashi, Masaki and Ishii, Takeo and Aoki, Yoshimitsu},
  booktitle={2018 International Workshop on Advanced Image Technology (IWAIT)}, 
  title={Player pose analysis in tennis video based on pose estimation}, 
  year={2018},
  volume={},
  number={},
  pages={1-4},
  keywords={Pose estimation;Visualization;Data visualization;Error analysis;Feature extraction;tennis;video analysis;unsupervised method;feedback;pose estimation;joint coordinates;visualization},
  doi={10.1109/IWAIT.2018.8369762}
}

@misc{mediapipe,
	author = {google.github.io},
	title = {MediaPipe.Home},
	howpublished = {\url{https://google.github.io/mediapipe/}}
}

@ARTICLE{IEEE_DA,
  author={Singhal, Peeyush and Walambe, Rahee and Ramanna, Sheela and Kotecha, Ketan},
  journal={IEEE Access}, 
  title={Domain Adaptation: Challenges, Methods, Datasets, and Applications}, 
  year={2023},
  volume={11},
  number={},
  pages={6973-7020},
  keywords={Transfer learning;Task analysis;Artificial intelligence;Adaptation models;Deep learning;Training data;Symbiosis;Deep learning;Neural networks;Natural language processing;Artificial intelligence;computer vision;deep neural network;domain adaptation;multi-modal data;natural language processing},
  doi={10.1109/ACCESS.2023.3237025}}


  
  
